@article{TPO,
	title        = {TelePhysicalOperation: Remote Robot Control Based on a Virtual “Marionette” Type Interaction Interface},
	author       = {Torielli, Davide and Muratore, Luca and Laurenzi, Arturo and Tsagarakis, Nikos},
	year         = 2022,
	journal      = {{IEEE} Robotics and Automation Letters},
	volume       = 7,
	number       = 2,
	pages        = {2479-2486},
	doi          = {10.1109/LRA.2022.3144792},
	urlCOMMENT = {https://doi.org/10.1109/LRA.2022.3144792}
}
@inproceedings{TPO2,
	title        = {Manipulability-Aware Shared Locomanipulation Motion Generation for Teleoperation of Mobile Manipulators},
	author       = {Torielli, Davide and Muratore, Luca and Tsagarakis, Nikos},
	year         = 2022,
	booktitle    = {{IEEE/RSJ} International Conference on Intelligent Robots and Systems},
	volume       = {},
	number       = {},
	pages        = {6205-6212},
	doi          = {10.1109/IROS47612.2022.9982220}
}
@inproceedings{TPO3,
	title        = {A Shared Telemanipulation Interface to Facilitate Bimanual Grasping and Transportation of Objects of Unknown Mass},
	author       = {Torielli, Davide and Muratore, Luca and Tsagarakis, Nikos},
	year         = 2022,
	booktitle    = {{IEEE-RAS} International Conference on Humanoid Robots},
	volume       = {},
	number       = {},
	pages = {738-745},
	doi          = {10.1109/Humanoids53995.2022.10000094}
}

@inproceedings{TPOIRIM,
	title        = {{TelePhysicalOperation: a Shared Control Architecture for Intuitive and Smart Teleoperation of Complex Mobile Manipulators}},
	author       = {Torielli, Davide and Muratore, Luca and Tsagarakis, Nikos},
	year         = 2022,
	booktitle    = {Italian Conference in Robotics and Intelligent Machines}
	volume       = {},
	number       = {},
    pages={255--259},
	urlCOMMENT          = {https://doi.org/10.5281/zenodo.7797398},
	doi          = {10.5281/zenodo.7797398},
}

@preprint{TPO4,
	title        = {Wearable Haptics for a Marionette-inspired Teleoperation of Highly Redundant Robotic Systems},
	author       = {Torielli, Davide and Franco, Leonardo and Pozzi, Maria and Muratore, Luca and Malvezzi, Monica and Tsagarakis, Nikos and Prattichizzo, Domenico},
	year         = 2023,
	note = {[submitted to {IEEE} International Conference on Robotics and Automation]}
}

@preprint{LaserJournal,
	title        = {Intuitive Laser-Based Teleoperation of Complex Robots Using Neural Networks and Behavior Trees},
	author       = {Torielli, Davide and Muratore, Luca and Tsagarakis, Nikos},
	year         = 2023,
	booktitle    = {},
	volume       = {},
	number       = {},
	pages = {},
	doi          = {},
	note = {[to be submitted]}
}

@preprint{LaserHumanoids,
	author     = {Torielli, Davide and Bertoni, Liana and Muratore, Luca and Tsagarakis, Nikos},
	title = {A Laser-guided Teleoperation Interface for Providing Effective Robot Assistance to People with Upper Limbs Impairments},
	year = {2023},
	note = {[submitted to {IEEE-RAS} International Conference on Humanoid Robots]}
}

@preprint{Bertoni2023,
	author     = {Bertoni, Liana and Torielli, Davide and Muratore, Luca and Tsagarakis, Nikos},
	title = {Proximity Aware Local Trajectory Re-Planning in Assistive Robotic Application},
	year = {2023},
	note = {[submitted to {IEEE-RAS} International Conference on Humanoid Robots]}
}

@article{RoseePaperLiana,
	title        = {Towards a Generic Grasp Planning Pipeline using End-Effector Specific Primitive Grasping Actions},
	author       = {L. Bertoni and D. Torielli and Y. Zhang and Tsagarakis, Nikos G. and L. Muratore},
	year         = 2021,
	journal      = {{IEEE} International Conference on Advanced Robotics},
	volume       = {},
	number       = {},
	pages        = {},
	doi          = {10.1109/ICAR53236.2021.9659402}
}

@article{RoseePaper,
	title        = {Towards an Open-Source Hardware Agnostic Framework for Robotic End-Effectors Control},
	author       = {D. Torielli and L. Bertoni and Tsagarakis, Nikos G. and L. Muratore},
	year         = 2021,
	journal      = {{IEEE} International Conference on Advanced Robotics},
	volume       = {},
	number       = {},
	pages        = {},
	doi          = {10.1109/ICAR53236.2021.9659331}
}

@article{ROSEE,
	doi = {10.1007/s10846-023-01911-5},
	url = {https://doi.org/10.1007/s10846-023-01911-5},
	year = {2023},
	publisher = {Springer Science and Business Media {LLC}},
	volume = {108},
	number = {4},
	author = {Davide Torielli and Liana Bertoni and Fabio Fusaro and Nikos Tsagarakis and Luca Muratore},
	title = {{ROS} End-Effector: A Hardware-Agnostic Software and Control Framework for Robotic End-Effectors},
	journal = {Journal of Intelligent \& Robotic Systems}
}

@article{Muratore2023,
	AUTHOR = {Muratore, Luca and Laurenzi, Arturo and De Luca, Alessio and Bertoni, Liana and Torielli, Davide and Baccelliere, Lorenzo and Del Bianco, Edoardo and Tsagarakis, Nikos G.},
	TITLE = {A Unified Multimodal Interface for the RELAX High-Payload Collaborative Robot},
	JOURNAL = {Sensors},
	VOLUME = {23},
	YEAR = {2023},
	NUMBER = {18},
	ARTICLE-NUMBER = {7735},
	urlCOMMENT = {https://www.mdpi.com/1424-8220/23/18/7735},
	ISSN = {1424-8220},
	DOI = {10.3390/s23187735}
}


%%%%%%%%%%%%%%%%%%%%%%%%%%%%%%%%%% REFS
%%%%%%%%%%%%%%%%%%%%%%%%%%%%%%%%%%%%%%%%%%%%%%%%%%%%%
%%%%%%%%%%%%%%%%%%%%%%%%%% Laser %%%%%%%%%%%%%%
%%%%%%%%%%%%%%%%%%%%%%%%%%%%%%%%%%%%%%%%%%%%%%%%%%%%

@incollection{Solvang08,
	author = {Bjorn Solvang and Gabor Sziebig and Peter Korondi},
	title = {Robot Programming in Machining Operations},
	booktitle = {Robot Manipulators},
	publisher = {IntechOpen},
	address = {Rijeka},
	year = {2008},
	editor = {Marco Ceccarelli},
	chapter = {26},
	doi = {10.5772/6221},
	COMMENTurl = {https://doi.org/10.5772/6221}
}


@article{Szybicki22,
	AUTHOR = {Szybicki, Dariusz and Obal, Pawe\l{} and Kurc, Krzysztof and Gierlak, Piotr},
	TITLE = {Programming of Industrial Robots Using a Laser Tracker},
	JOURNAL = {Sensors},
	VOLUME = {22},
	YEAR = {2022},
	NUMBER = {17},
	ARTICLE-NUMBER = {6464},
	COMMENTurl = {https://www.mdpi.com/1424-8220/22/17/6464},
	PubMedID = {36080923},
	ISSN = {1424-8220},
	DOI = {10.3390/s22176464}
}

@inproceedings{Cardenas2020,
	title        = {Design of a Laser Pointer Follower Robot},
	author       = {García-Cardenas, Facundo and Soberón, Nelson and Amaya, Cristian and Murray, Victor},
	year         = 2020,
	booktitle    = {IEEE Int. Conf. Electron. Electr. Eng. and Comput.},
	volume       = {},
	number       = {},
	pages        = {1--4},
	doi          = {10.1109/INTERCON50315.2020.9220239}
}
@inproceedings{Kemp2008,
	title        = {A point-and-click interface for the real world: Laser designation of objects for mobile manipulation},
	author       = {Kemp, Charles C. and Anderson, Cressel D. and Nguyen, Hai and Trevor, Alexander J. and Xu, Zhe},
	year         = 2008,
	booktitle    = {ACM/IEEE Int. Conf. Human-Robot Interaction},
	volume       = {},
	number       = {},
	pages        = {241--248},
	doi          = {10.1145/1349822.1349854}
}
@inproceedings{Ishii2009,
	title        = {Designing Laser Gesture Interface for Robot Control},
	author       = {Ishii, Kentaro and Zhao, Shengdong and Inami, Masahiko and Igarashi, Takeo and Imai, Michita},
	year         = 2009,
	booktitle    = {Human-Computer Interaction},
	publisherCOMMENT    = {Springer Berlin Heidelberg},
	addressCOMMENT      = {Berlin, Heidelberg},
	pages        = {479--492},
	isbnCOMMENT         = {978-3-642-03658-3},
	doi          = {https://doi.org/10.1007/978-3-642-03658-3_52}
}
@inproceedings{Gualtieri2017,
	title        = {Open world assistive grasping using laser selection},
	author       = {Gualtieri, Marcus and Kuczynski, James and Shultz, Abraham M. and Ten Pas, Andreas and Platt, Robert and Yanco, Holly},
	year         = 2017,
	booktitle    = {IEEE Int. Conf. Robot. Autom.},
	volume       = {},
	number       = {},
	pages        = {4052--4057},
	doi          = {10.1109/ICRA.2017.7989465}
}

%%%%%%%%% Laser Spot detection works
@article{Zakaria2014,
	title        = {A review on laser spot detection system based on image processing techniques},
	author       = {Zakaria, N.F. and Zulkifley, Mohd Asyraf and Mustafa, Marzuki and Karim, Rohana},
	year         = 2014,
	month        = {01},
	journal      = {J. of Theoretic. Appl. Inf. Technol.},
	volume       = 70,
	pages        = {333--344}
}
@inproceedings{Yaxin2018,
	title        = {Laser Point Detection Based on Improved Target Matching Method for Application in Home Environment Human-Robot Interaction},
	author       = {Liu, Yaxin and Zhang, Yanqiang and Yao, Yufeng and Zhong, Ming},
	year         = 2018,
	booktitle    = {Int. Workshop on Human Friendly Robot.},
	volume       = {},
	number       = {},
	pages        = {13--18},
	doi          = {10.1109/HFR.2018.8633527}
}
@inproceedings{Wang2020,
	title        = {A New Technique for Laser Spot Detection and Tracking by Using Optical Flow and Kalman Filter},
	author       = {Wang, Xiuli and Yang, Ming and Gupta, Lalit and Bai, Yang},
	year         = 2020,
	booktitle    = {Advances Comput. Vision},
	publisherCOMMENT    = {Springer International Publishing},
	address      = {Cham},
	pages        = {600--613},
	editorCOMMENT       = {Arai, Kohei and Kapoor, Supriya}
}



%%% Laser Spot tracking
@article{Krstinic2014,
	title        = {Laser Spot Tracking Based on Modified Circular Hough Transform and Motion Pattern Analysis},
	author       = {Krstini{\'{c}}, Damir and Skelin, Ana Kuzmanić and Milatić, Ivan},
	year         = 2014,
	journal      = {Sensors},
	volume       = 14,
	number       = 11,
	pages        = {20112--20133},
	doi          = {10.3390/s141120112},
	issn         = {1424-8220},
	COMMENTurl          = {https://www.mdpi.com/1424-8220/14/11/20112},
	pubmedid     = 25350502,
}



%%%%%%%A Probabilistic Shared-Control Framework for Mobile Robots
%%%%%%% http://ras.papercept.net/images/temp/IROS/files/1405.pdf
@ARTICLE{Peternel2022,
	author={Peternel, Luka and Ajoudani, Arash},
	journal={IEEE Trans. Human-Machine Syst.}, 
	title={After a Decade of Teleimpedance: A Survey}, 
	year={2022},
	volume={},
	number={},
	pages={1-16},
	doi={10.1109/THMS.2022.3231703}
}

@Article{Berg2020,
	author={Berg, Julia and Lu, Shuang},
	title={Review of Interfaces for Industrial Human-Robot Interaction},
	journal={Current Robot. Reports},
	year={2020},
	monthCOMMENT={Jun},
	dayCOMMENT={01},
	volume={1},
	number={2},
	pages={27-34},
	abstract={The review presents an overview of research approaches on human-robot interfaces in industrial and service robotics.},
	issn={2662-4087},
	doi={10.1007/s43154-020-00005-6}
}

@INPROCEEDINGS{Xia2019,
	author={Xia, Zanwu and Lei, Qujiang and Yang, Yang and Zhang, Hongda and He, Yue and Wang, Weijun and Huang, Minghui},
	booktitle={Int. Conf. Control Automat. Robot.}, 
	title={Vision-Based Hand Gesture Recognition for Human-Robot Collaboration: A Survey}, 
	year={2019},
	volume={},
	number={},
	pages={198-205},
	doi={10.1109/ICCAR.2019.8813509}
}


@Article{Makhataeva2020,
	AUTHOR = {Makhataeva, Zhanat and Varol, Huseyin Atakan},
	TITLE = {Augmented Reality for Robotics: A Review},
	JOURNAL = {Robotics},
	VOLUME = {9},
	YEAR = {2020},
	NUMBER = {2},
	ARTICLE-NUMBER = {21},
	COMMENTurl = {https://www.mdpi.com/2218-6581/9/2/21},
	ISSN = {2218-6581},
	DOI = {10.3390/robotics9020021}
}

@article{Maurtua2017,
	title={Natural multimodal communication for human–robot collaboration},
	author={I{\~n}aki Maurtua and Izaskun Fern{\'a}ndez and Alberto Tellaeche and Johan Kildal and Loreto Susperregi and Aitor Ibarguren and Basilio Sierra},
	journal={Int. J. Advanced Robot. Syst.},
	year={2017},
	volume={14}
}

@techreport{chatgpt,
	author = {Vemprala, Sai and Bonatti, Rogerio and Bucker, Arthur and Kapoor, Ashish},
	title = {ChatGPT for Robotics: Design Principles and Model Abilities},
	institution = {Microsoft},
	year = {2023},
	month = {February},
	urlCOMMENT = {https://www.microsoft.com/en-us/research/publication/chatgpt-for-robotics-design-principles-and-model-abilities/},
	number = {MSR-TR-2023-8},
}

@inbook{Kirchner2019,
	author = {Kirchner, Elsa A. and Fairclough, Stephen H. and Kirchner, Frank},
	title = {Embedded Multimodal Interfaces in Robotics: Applications, Future Trends, and Societal Implications},
	year = {2019},
	isbn = {9781970001754},
	publisherCOMMENT = {Association for Computing Machinery and Morgan \& Claypool},
	COMMENTurl = {https://doi.org/10.1145/3233795.3233810},
	booktitle = {The Handbook of Multimodal-Multisensor Interfaces: Language Processing, Software, Commercialization, and Emerging Directions},
	pages = {523–576},
	numpages = {54}
}

@article{Iovino2022,
	author = {Iovino, Matteo and Scukins, Edvards and Styrud, Jonathan and \"{O}gren, Petter and Smith, Christian},
	title = {A Survey of Behavior Trees in Robotics and AI},
	year = {2022},
	volume = {154},
	pages = {104096},
	issn = {0921-8890},
	COMMENTurl = {https://doi.org/10.1016/j.robot.2022.104096},
	doi = {10.1016/j.robot.2022.104096},
	journal = {Robot. Auton. Syst.},
	monthCOMMENT = {aug},
}

@book{BTBook,
	doi = {10.1201/9780429489105},
	COMMENTurl = {https://doi.org/10.1201%2F9780429489105},
	year = 2018,
	monthCOMMENT = {jul},
	publisher = {{CRC} Press},
	author = {Michele Colledanchise and Petter Ögren},
	title = {Behavior Trees in Robotics and {AI}}
}

@ARTICLE{Darvish23,
	author={Darvish, Kourosh and Penco, Luigi and Ramos, Joao and Cisneros, Rafael and Pratt, Jerry and Yoshida, Eiichi and Ivaldi, Serena and Pucci, Daniele},
	journal={IEEE Trans. Robot.}, 
	title={Teleoperation of Humanoid Robots: A Survey}, 
	year={2023},
	volume={39},
	number={3},
	pages={1706-1727},
	doi={10.1109/TRO.2023.3236952},
	url={https://doi.org/10.1109/TRO.2023.3236952}
}




%%%%%%%%%%%%%%%%%%%%%%%%%%%%%%%%%%%%%%%%
%%%%%%%%%%%% SOA new %%%%%%%%%%%%%%%%%
%%%%%%%%%%%%%%%%%%%%%%%%%%%%%%%%%%%%
@inproceedings{Katayama2020,
	title        = {Shared Haptic Perception for Human-Robot Collaboration},
	author       = {Katayama, Kazuki and Pozzi, Maria and Tanaka, Yoshihiro and Minamizawa, Kouta and Prattichizzo, Domenico},
	year         = 2020,
	booktitle    = {Haptics: Science, Technology, Applications},
	publisher    = {Springer International Publishing},
	address      = {Cham},
	pages        = {536--544},
	isbn         = {978-3-030-58147-3},
	editor       = {Nisky, Ilana and Hartcher-O'Brien, Jess and Wiertlewski, Micha{\"e}l and Smeets, Jeroen},
	abstract     = {To obtain a fluent human-robot collaboration, reciprocal awareness is fundamental. In this paper, we propose to achieve it by creating a haptic connection between the human operator and the collaborative robot. Data coming from a wearable skin vibration sensor are used by the robot to recognize human actions, and vibrotactile signals are used to inform the human about the correct recognition of her/his actions. It is shown that the proposed communication paradigm, based on shared haptic perception, allows to improve cycle time performance in a complex human-robot collaborative task.}
}

@preprint{Schwarz2023,
	doi = {10.48550/ARXIV.2303.03297},
	COMMENTurl = {https://arxiv.org/abs/2303.03297},
	author = {Schwarz, Max and Lenz, Christian and Memmesheimer, Raphael and Pätzold, Bastian and Rochow, Andre and Schreiber, Michael and Behnke, Sven},
	keywords = {Robotics (cs.RO), FOS: Computer and information sciences, FOS: Computer and information sciences},
	title = {Robust Immersive Telepresence and Mobile Telemanipulation: NimbRo wins ANA Avatar XPRIZE Finals},
	publisher = {arXiv},
	year = {2023},
}

@INPROCEEDINGS{Colledanchise2019,
	author={Colledanchise, Michele and Almeida, Diogo and \"{O}gren, Petter},
	booktitle={IEEE Int. Conf. Robot. Autom.}, 
	title={Towards Blended Reactive Planning and Acting using Behavior Trees}, 
	year={2019},
	volume={},
	number={},
	pages={8839-8845},
	doi={10.1109/ICRA.2019.8794128}}

@ARTICLE{Berenz2018,
	author={Berenz, Vincent and Schaal, Stefan},
	journal={IEEE Robot. Autom. Mag.}, 
	title={The Playful Software Platform: Reactive Programming for Orchestrating Robotic Behavior}, 
	year={2018},
	volume={25},
	number={3},
	pages={49-60},
	doi={10.1109/MRA.2018.2803168}}

@ARTICLE{Ozdamar2022,
	author={Ozdamar, Idil and Laghi, Marco and Grioli, Giorgio and Ajoudani, Arash and Catalano, Manuel G. and Bicchi, Antonio},
	journal      = {{IEEE} Robot. Autom. Lett.},
	title={A Shared Autonomy Reconfigurable Control Framework for Telemanipulation of Multi-Arm Systems}, 
	year={2022},
	volume={7},
	number={4},
	pages={9937-9944},
	doi={10.1109/LRA.2022.3191200}
}


@preprint{Fusaro23,
	doi = {10.48550/ARXIV.2301.08038},
	url = {https://arxiv.org/abs/2301.08038},	
	author = {Lamon, Edoardo and Fusaro, Fabio and De Momi, Elena and Ajoudani, Arash},
	keywords = {Robotics (cs.RO), Artificial Intelligence (cs.AI), Human-Computer Interaction (cs.HC), Multiagent Systems (cs.MA), FOS: Computer and information sciences, FOS: Computer and information sciences},
	title = {A Comprehensive Architecture for Dynamic Role Allocation and Collaborative Task Planning in Mixed Human-Robot Teams},
	publisher = {arXiv},
	year = {2023},
}

%%% Softwares %%%%
@software{ROS,
	title        = {{ROS Robot Operating System [Computer software]}},
	authorCOMMENT       = {Quigley, Morgan and Gerkey, Brian and Conley, Ken and Faust, Josh and Foote, Tully and Leibs, Jeremy and Berger, Eric and Wheeler, Rob and Ng, Andrew},
	author       = {Quigley, Morgan and others},
	year         = {},
	url          = {https://www.ros.org/}
}
@software{moveit,
	title        = {{MoveIt [Computer software]}},
	author       = {Sucan, Ioan A. and Chitta, Sachin},
	year         = {},
	url          = {http://moveit.ros.org}
}
@software{behaviorTree,
	title        = {{BehaviorTree.CPP 4.0 [Computer software]}},
	author       = {Faconti, Davide and Colledanchise, Michele and Santomo, Rocco},
	year         = {},
	url          = {https://www.behaviortree.dev/}
}
@software{groot2,
	title        = {{Groot2 [Computer software]}},
	author       = {Faconti, Davide},
	year         = {},
	url          = {https://www.behaviortree.dev/groot/}
}
@inproceedings{pytorch,
	authorCOMMENT = {Paszke, Adam and Gross, Sam and Massa, Francisco and Lerer, Adam and Bradbury, James and Chanan, Gregory and Killeen, Trevor and Lin, Zeming and Gimelshein, Natalia and Antiga, Luca and Desmaison, Alban and Kopf, Andreas and Yang, Edward and DeVito, Zachary and Raison, Martin and Tejani, Alykhan and Chilamkurthy, Sasank and Steiner, Benoit and Fang, Lu and Bai, Junjie and Chintala, Soumith},
	author = {Paszke, Adam and others},
	booktitle = {Advances in Neural Inf. Process. Syst.},
	editorCOMMENT = {H. Wallach and H. Larochelle and A. Beygelzimer and F. d\textquotesingle Alch\'{e}-Buc and E. Fox and R. Garnett},
	pages = {8026--8037},
	publisherCOMMENT = {Curran Associates, Inc.},
	title = {PyTorch: An Imperative Style, High-Performance Deep Learning Library},
	urlCOMMENT = {https://proceedings.neurips.cc/paper/2019/file/bdbca288fee7f92f2bfa9f7012727740-Paper.pdf},
	volume = {32},
	year = {2019}
}
@inproceedings{fasterrcnn,
	author = {Ren, Shaoqing and He, Kaiming and Girshick, Ross and Sun, Jian},
	title = {Faster {R-CNN}: Towards Real-Time Object Detection with Region Proposal Networks},
	year = {2015},
	booktitle = {Int. Conf. Neural Inf. Process. Syst.},
	pages = {91--99},
	volume = {1},
}

@software{yolov5,
	author       = {Jocher, Glenn and others},
	title        = {{ultralytics/yolov5: v7.0 - YOLOv5 SOTA Realtime 
	Instance Segmentation}},
	month        = nov,
	year         = 2022,
	publisherCOMMENT    = {Zenodo},
	version      = {v7.0},
	doi          = {10.5281/zenodo.7347926},
	url          = {https://doi.org/10.5281/zenodo.7347926}
}

@software{robotBodyFilter,
	title        = {{ROS Robot Body Filter [Computer software]}},
	author       = {Marder-Eppstein, Eitan and Petricek, Tomas and Pecka, Martin},
	year         = {},
	url          = {http://wiki.ros.org/robot_body_filter}
}

@software{pointcloudFilter,
	title        = {{ROS Point Cloud Filters [Computer software]}},
	author       = {Torielli, Davide},
	year         = {},
	url          = {https://github.com/ADVRHumanoids/point_cloud2_filters}
}



%%%%%%%%%%%%%%%%%%%%%%%%%%%%%%%%%%%%%%%%%%%%%%%%%%%%%
%%%%%%%%%%%%%%%%%%%%%%%%%% TPO PAPERS TPO %%%%%%%%%%%%%%
%%%%%%%%%%%%%%%%%%%%%%%%%%%%%%%%%%%%%%%%%%%%%%%%%%%%
@article{TPO,
	title        = {TelePhysicalOperation: Remote Robot Control Based on a Virtual “Marionette” Type Interaction Interface},
	author       = {Torielli, Davide and Muratore, Luca and Laurenzi, Arturo and Tsagarakis, Nikos},
	year         = 2022,
	journal      = {{IEEE} Robot. Autom. Lett.},
	volume       = 7,
	number       = 2,
	pages        = {2479-2486},
	doi          = {10.1109/LRA.2022.3144792},
	url = {https://doi.org/10.1109/LRA.2022.3144792}
}
@inproceedings{TPO2,
	title        = {Manipulability-Aware Shared Locomanipulation Motion Generation for Teleoperation of Mobile Manipulators},
	author       = {Torielli, Davide and Muratore, Luca and Tsagarakis, Nikos},
	year         = 2022,
	booktitle    = {{IEEE/RSJ} Int. Conf. Intell. Robots Syst.},
	volume       = {},
	number       = {},
	pages        = {6205-6212},
	doi          = {10.1109/IROS47612.2022.9982220}
}
@inproceedings{TPO3,
	title        = {A Shared Telemanipulation Interface to Facilitate Bimanual Grasping and Transportation of Objects of Unknown Mass},
	author       = {Torielli, Davide and Muratore, Luca and Tsagarakis, Nikos},
	year         = 2022,
	booktitle    = {{IEEE-RAS} Int. Conf. Humanoid Robots},
	volume       = {},
	number       = {},
	pages = {738-745},
	doi          = {10.1109/Humanoids53995.2022.10000094}
}

@preprint{Bertoni2023,
	author     = {Bertoni, Liana and Torielli, Davide and Muratore, Luca and Tsagarakis, Nikos},
	title = {Proximity Aware Local Trajectory Re-Planning in Assistive Robotic Application},
	year = {2023},
	note = {[submitted to {IEEE-RAS} Int. Conf. Humanoid Robots]}
}


%%%%%%%%%%%%%%%%%%%%%%%%%%%%%%%%%%%%%%%%%%%%%%%%%%%%%
%%%%%%%%%%%%%%%%%%%%%%%%%% TPO RAL BIB %%%%%%%%%%%%%%
%%%%%%%%%%%%%%%%%%%%%%%%%%%%%%%%%%%%%%%%%%%%%%%%%%%%
@INPROCEEDINGS{Yoshi1985,  author={Yoshikawa, T.},  booktitle={IEEE Int. Conf. Robot. Autom.},   title={Manipulability and redundancy control of robotic mechanisms},   year={1985},  volume={2},  number={},  pages={1004-1009},  doi={10.1109/ROBOT.1985.1087283}}

@INPROCEEDINGS{Chiu1987,
	author={Chiu, S.},
	booktitle={Proceedings. 1987 IEEE International Conference on Robotics and Automation},
	title={Control of redundant manipulators for task compatibility},
	year={1987},
	volume={4},
	number={},
	pages={1718-1724},
	doi={10.1109/ROBOT.1987.1087795}
}

@INPROCEEDINGS{Mae2017,
	authorCOMMENT={Mae, Yasushi and Inoue, Toshihiko and Kamiyama, Kazuto and Kojima, Masaru and Horade, Mitsuhiro and Arai, Tatsuo},
	author={Mae, Yasushi and others},
	booktitle={IEEE Int. Conf. Robot. Biomimetics},
	title={Direct teleoperation system of multi-limbed robot for moving on complicated environments},
	year={2017},
	volume={},
	number={},
	pages={1171-1174},
	doi={10.1109/ROBIO.2017.8324576}
}

@INPROCEEDINGS{Rebelo2012,
	author={Rebelo, João and Schiele, André},
	booktitle={Int. Conf. Control Automat. Syst.},
	title={Master-slave mapping and slave base placement optimization for intuitive and kinematically robust direct teleoperation},
	year={2012},
	volume={},
	number={},
	pages={2017-2022},
	doi={}
}

@ARTICLE{Wu2019,
	author={Wu, Yuqiang and others},
	journal={{IEEE} Robot. Autom. Lett.},
	title={A Teleoperation Interface for Loco-Manipulation Control of Mobile Collaborative Robotic Assistant},
	year={2019},
	volume={4},
	number={4},
	pages={3593-3600},
	doi={10.1109/LRA.2019.2928757}
}

@INPROCEEDINGS{Ajoudani2012,
	author={Ajoudani, A. and Tsagarakis, N. G. and Bicchi, A.},
	booktitle={IEEE Int. Conf. Robot. Autom.},
	title={Tele-impedance: Towards transferring human impedance regulation skills to robots},   year={2012},
	volume={},
	number={},
	pages={382-388},  doi={10.1109/ICRA.2012.6224904}}

@ARTICLE{Centauro,
	author={Klamt, Tobias and others},
	journal={IEEE Robot. Autom. Mag.},
	title={Flexible Disaster Response of Tomorrow: Final Presentation and Evaluation of the CENTAURO System},
	year={2019},
	volume={26},
	number={4},
	pages={59-72},  doi={10.1109/MRA.2019.2941248}
}

@INPROCEEDINGS{Muratore2018,
	author={Muratore, Luca and others},
	booktitle={IEEE Int. Conf. Robot. Autom.},
	title={Enhanced Tele-interaction in Unknown Environments Using Semi-Autonomous Motion and Impedance Regulation Principles},
	year={2018},
	volume={},
	number={},
	pages={5813-5820},  doi={10.1109/ICRA.2018.8460559}
}

@inproceedings{Leitner2014,
	author = {Leitner, Juxi and Luciw, M. and Förster, Alexander and Schmidhuber, J.},
	year = {2014},
	pages = {},
	title = {Teleoperation of a 7 DOF Humanoid Robot Arm Using Human Arm Accelerations and EMG Signals}
}

@INPROCEEDINGS{Mi2016,  author={Mi, Jinpeng and Sun, Yu and Wang, Yu and Deng, Zhen and Li, Liang and Zhang, Jianwei and Xie, Guanming},  booktitle={IEEE Int. Conf. Robot. Biomimetics},   title={Gesture recognition based teleoperation framework of robotic fish},   year={2016},  volume={},  number={},  pages={137-142},  doi={10.1109/ROBIO.2016.7866311}}

@inbook{Mendes2015,
	author = {Mendes, Nuno and Neto, Pedro and Safeea, Mohammad and Moreira, A.},
	year = {2015},
	pages = {},
	title = {Online Robot Teleoperation Using Human Hand Gestures: A Case Study for Assembly Operation},
	isbn = {978-3-319-27148-4},
	doi = {10.1007/978-3-319-27149-1_8}
}

@INPROCEEDINGS{Maric2016,
	author={Marić, Filip and Jurin, Ivan and Marković, Ivan and Kalafatić, Zoran and Petrović, Ivan},
	booktitle={2016 39th International Convention on Information and Communication Technology, Electronics and Microelectronics (MIPRO)}, 
	title={Robot arm teleoperation via RGBD sensor palm tracking}, 
	year={2016},
	volume={},
	number={},
	pages={1093-1098},
	doi={10.1109/MIPRO.2016.7522303}}

@INPROCEEDINGS{Bimbo2017,
	author={Bimbo, Joao and Pacchierotti, Claudio and Aggravi, Marco and Tsagarakis, Nikos and Prattichizzo, Domenico},
	booktitle={IEEE Int. Conf. Intell. Robots Syst.},
	title={Teleoperation in cluttered environments using wearable haptic feedback},
	year={2017},
	volume={},
	number={},
	pages={3401-3408},  
	doi={10.1109/IROS.2017.8206180},
	url={https://doi.org/10.1109/IROS.2017.8206180}
}

@InProceedings{Pagounis2020,
	author={Pagounis, George and Koustoumpardis, Panagiotis and Aspragathos, Nikos},
	title={Robot Motion Control Using EMG Signals and Expert System for Teleoperation},
	booktitle={Adv. in Service and Ind. Robot.},
	year={2020},
	pages={137--148},
	isbn={978-3-030-48989-2}
}

@INPROCEEDINGS{Artemiadis2005,
	author={Artemiadis, P.K. and Kyriakopoulos, K.J.},
	booktitle={IEEE Int. Conf. Intell. Robots Syst.},
	title={Teleoperation of a robot manipulator using EMG signals and a position tracker},
	year={2005},
	volume={},
	number={},
	pages={1003-1008},  doi={10.1109/IROS.2005.1545509}
}

@INPROCEEDINGS{Fang2015,  author={Fang, Bin and Guo, Di and Sun, Fuchun and Liu, Huaping and Wu, Yupei},  booktitle={IEEE Int. Conf. Robot. Biomimetics},   title={A robotic hand-arm teleoperation system using human arm/hand with a novel data glove},   year={2015},  volume={},  number={},  pages={2483-2488},  doi={10.1109/ROBIO.2015.7419712}}

@inproceedings{Weber2016,
	author = {Weber, Paul and Rueckert, Elmar and Calandra, Roberto and Peters, Jan and Beckerle, Philipp},
	year = {2016},
	pages = {99-104},
	title = {A low-cost sensor glove with vibrotactile feedback and multiple finger joint and hand motion sensing for human-robot interaction},
	doi = {10.1109/ROMAN.2016.7745096}
}

@INPROCEEDINGS{Kourosh2019,
	author={Darvish, Kourosh and others},
	booktitle={Int. Conf. Humanoid Robots},
	title={Whole-Body Geometric Retargeting for Humanoid Robots},
	year={2019},
	volume={},
	number={},
	pages={679-686},  
	doi={10.1109/Humanoids43949.2019.9035059}
}

@inproceedings{Stanton2012,
	author = {Stanton, Christopher and Bogdanovych, Anton and Ratanasena, Edward},
	year = {2012},
	volume={8},
	pages={51},
	title = {Teleoperation of a humanoid robot using full-body motion capture, example movements, and machine learning},
	booktitle = {Australas. Conf. Robot. Automat.}
}

@article{Goertz1952,
	title = {FUNDAMENTALS OF GENERAL-PURPOSE REMOTE MANIPULATORS},
	author = {Goertz, R C},
	abstractNote = {},
	doi = {},
	journal = {Nucleonics (U.S.) Ceased publication},
	number = {11},
	volume = {10},
	place = {Country unknown/Code not available},
	year = {1952},
	pages = {36-42},
	url = {https://www.osti.gov/biblio/4394310}
}

@INPROCEEDINGS{Kim2020,
	author={Kim, Wansoo and others},
	booktitle={IEEE Int. Conf. Robot. Autom.},
	title={MOCA-MAN: A MObile and reconfigurable Collaborative Robot Assistant for conjoined huMAN-robot actions},
	year={2020},
	volume={},
	number={},
	pages={10191-10197},  doi={10.1109/ICRA40945.2020.9197115}
}

@INPROCEEDINGS{Lamon2020,
	author={Lamon, Edoardo and others},
	booktitle={IEEE Int. Conf. Intell. Robots Syst.},
	title={A Visuo-Haptic Guidance Interface for Mobile Collaborative Robotic Assistant (MOCA)},
	year={2020},
	volume={},
	number={},
	pages={11253-11260},  doi={10.1109/IROS45743.2020.9341357}
}

@article{Zhou2020,
	title = {Intuitive robot teleoperation for civil engineering operations with virtual reality and deep learning scene reconstruction},
	journal = {Advanced Engineering Informatics},
	volume = {46},
	pages = {101170},
	year = {2020},
	issn = {1474-0346},
	doi = {https://doi.org/10.1016/j.aei.2020.101170},
	COMMENTurl = {https://www.sciencedirect.com/science/article/pii/S1474034620301415},
	author = {Tianyu Zhou and Qi Zhu and Jing Du},
	keywords = {Robot, Teleoperation, Virtual reality, Scene reconstruction, Deep learning},
}

@inproceedings{Whitney2018,
	author = {Whitney, David and Rosen, Eric and Phillips, Elizabeth and Konidaris, George and Tellex, Stefanie},
	year = {2018},
	pages = {},
	title = {Comparing Robot Grasping Teleoperation across Desktop and Virtual Reality with ROS Reality}
}

@INPROCEEDINGS{Akella1999,
	author={Akella, P. and others},
	booktitle={IEEE Int. Conf. Robot. Autom.},
	title={Cobots for the automobile assembly line},
	year={1999},
	volume={1},
	number={},
	pages={728-733 vol.1},  doi={10.1109/ROBOT.1999.770061}
}

@article{Kruger2009,
	title = {Cooperation of human and machines in assembly lines},
	journal = {CIRP Annals},
	volume = {58},
	number = {2},
	pages = {628-646},
	year = {2009},
	issn = {0007-8506},
	doi = {https://doi.org/10.1016/j.cirp.2009.09.009},
	author = {J. Kr\"{u}ger and T.K. Lien and A. Verl},
	keywords = {Cooperative assembly, Robot, Man–machine system},
}

@INPROCEEDINGS{Ferretti2009,
	author={Ferretti, Gianni and Magnani, Gianantonio and Rocco, Paolo},
	booktitle={Int. Conf. on Adv. Robot.},
	title={Assigning virtual tool dynamics to an industrial robot through an admittance controller},
	year={2009},
	volume={},
	number={},
	pages={1-6},
	doi={}
}

@ARTICLE{Erden2010,  
	author={Erden, Mustafa Suphi and Tomiyama, Tetsuo},
	journal={IEEE Trans. Robot.},
	title={Human-Intent Detection and Physically Interactive Control of a Robot Without Force Sensors},
	year={2010},
	volume={26},
	number={2},
	pages={370-382},  doi={10.1109/TRO.2010.2040202}
}

@INPROCEEDINGS{Ficuciello2014,
	author={Ficuciello, Fanny and Romano, Amedeo and Villani, Luigi and Siciliano, Bruno},
	booktitle={IEEE Int. Conf. Intell. Robots Syst.},
	title={Cartesian impedance control of redundant manipulators for human-robot co-manipulation},
	year={2014},
	volume={},
	number={},
	pages={2120-2125},  doi={10.1109/IROS.2014.6942847}
}

@article{Cherubini2016,
	author = {Cherubini, Andrea and others},
	year = {2016},
	pages = {1-13},
	title = {Collaborative manufacturing with physical human-robot interaction},
	volume = {40},
	journal = {Robotics and Computer-Integrated Manufacturing},
	doi = {10.1016/j.rcim.2015.12.007}
}

% SOME surveys

@article{Liu2013,
	author = {Liu, Yugang and Nejat, Goldie},
	year = {2013},
	pages = {},
	title = {Robotic Urban Search and Rescue: A Survey from the Control Perspective},
	volume = {72},
	journal = {J. of Intell. \& Robot. Syst.},
	doi = {10.1007/s10846-013-9822-x}
}

@article{Hoglund2018,
	author = {Höglund, Thomas and Alander, Jarmo and Mantere, Timo},
	year = {2018},
	pages = {156-161},
	title = {A survey of telerobotic surface finishing},
	volume = {8},
	journal = {Open Engineering},
	doi = {10.1515/eng-2018-0018}
}

@inproceedings{Carra2018,
	author = {Carra, Guglielmo and others},
	year = {2018},
	title = {Robotics in the Construction Industry: State of the Art and Future Opportunities},
	booktitle = {Int. Symp. Automat. Robot. Construction},
	pages = {866-873},
	doi = {10.22260/ISARC2018/0121}
}

@inbook{Tzafestas2006,
	author = {Tzafestas, Costas},
	year = {2006},
	pages = {},
	title = {Virtual and Mixed Reality in Telerobotics: A Survey},
	isbn = {3-86611-286-6},
	doi = {10.5772/4911}
}


@INPROCEEDINGS{Noccaro2017,  
	author={Noccaro, A. and others},  
	booktitle={IEEE Int. Symp. Robot Human Interactive Commun.},   
	title={A teleoperated control approach for anthropomorphic manipulator using magneto-inertial sensors},   
	year={2017},  
	volume={},  
	number={},  
	pages={156-161},  
	doi={10.1109/ROMAN.2017.8172295}
}





%%%%%%%%%%%%%%%%%%%%%%%%%%%%%%%%%%%%%%%%%%%%%%%%%%%%%
%%%%%%%%%%%%%%%%%%%%%%%%%% Humanoids paper %%%%%%%%%%%%%%
%%%%%%%%%%%%%%%%%%%%%%%%%%%%%%%%%%%%%%%%%%%%%%%%%%%%

%%%%SURVEYS

@ARTICLE{Kemp2007,
	author={Kemp, Charles C. and Edsinger, Aaron and Torres-Jara, Eduardo},
	journal={IEEE Robot. Automat. Mag. }, 
	title={Challenges for robot manipulation in human environments [Grand Challenges of Robotics]}, 
	year={2007},
	volume={14},
	number={1},
	pages={20-29},
	doi={10.1109/MRA.2007.339604}
}

@article{VILLANI2018,
	title = {Survey on human–robot collaboration in industrial settings: Safety, intuitive interfaces and applications},
	journal = {Mechatronics},
	volume = {55},
	pages = {248-266},
	year = {2018},
	issn = {0957-4158},
	doi = {https://doi.org/10.1016/j.mechatronics.2018.02.009},
	url = {https://doi.org/10.1016/j.mechatronics.2018.02.009},
	author = {Valeria Villani and Fabio Pini and Francesco Leali and Cristian Secchi},
	keywords = {Human–robot collaboration, Collaborative robots, Safety, User interfaces, Intuitive robot programming, Industrial applications},
}

@article{SMITH2012,
	title = {Dual arm manipulation—A survey},
	journal = {Robot. and Auton. Syst.},
	volume = {60},
	number = {10},
	pages = {1340-1353},
	year = {2012},
	issn = {0921-8890},
	doi = {https://doi.org/10.1016/j.robot.2012.07.005},
	COMMENTurl = {https://www.sciencedirect.com/science/article/pii/S092188901200108X},
	author = {Christian Smith and Yiannis Karayiannidis and Lazaros Nalpantidis and Xavi Gratal and Peng Qi and Dimos V. Dimarogonas and Danica Kragic},
	keywords = {Dual arm robots, Domestic manipulation, Survey, Control, Modelling, Planning, Learning},
}

@article{MAVRAKIS2020,
	title = {Estimation and exploitation of objects' inertial parameters in robotic grasping and manipulation: A survey},
	journal = {Robot. and Auton. Syst.},
	volume = {124},
	pages = {103374},
	year = {2020},
	issn = {0921-8890},
	doi = {https://doi.org/10.1016/j.robot.2019.103374},
	COMMENTurl = {https://www.sciencedirect.com/science/article/pii/S0921889019302313},
	author = {Nikos Mavrakis and Rustam Stolkin},
	keywords = {Robot identification, Inertial parameters, Object dynamics, Robot grasping and manipulation},
}

@ARTICLE{Selvaggio2021,
	author={Selvaggio, Mario and Cognetti, Marco and Nikolaidis, Stefanos and Ivaldi, Serena and Siciliano, Bruno},
	journal={{IEEE} Robot. Autom. Lett.},
	title={Autonomy in Physical Human-Robot Interaction: A Brief Survey}, 
	year={2021},
	volume={6},
	number={4},
	pages={7989-7996},
	doi={10.1109/LRA.2021.3100603}}

@ARTICLE{Haddadin2017,
	author={Haddadin, Sami and De Luca, Alessandro and Albu-Schäffer, Alin},
	journal={IEEE Trans. Robot}, 
	title={Robot Collisions: A Survey on Detection, Isolation, and Identification}, 
	year={2017},
	volume={33},
	number={6},
	pages={1292-1312},
	doi={10.1109/TRO.2017.2723903}}

@article{Billard2019,
	author = {Aude Billard  and Danica Kragic },
	title = {Trends and challenges in robot manipulation},
	journal = {Science},
	volume = {364},
	number = {6446},
	pages = {},
	year = {2019},
	doi = {10.1126/science.aat8414},
	COMMENTURL = {https://www.science.org/doi/abs/10.1126/science.aat8414},
	eprint = {https://www.science.org/doi/pdf/10.1126/science.aat8414},
}


%%%%% Bimanual control theories
@INPROCEEDINGS{Uchiyama1988,
	author={Uchiyama, M. and Dauchez, P.},
	booktitle={{IEEE} Int. Conf. Robot. Automat.}, 
	title={A symmetric hybrid position/force control scheme for the coordination of two robots}, 
	year={1988},
	volume={1},
	number={},
	pages={350-356},
	doi={10.1109/ROBOT.1988.12073}
}

@article{Chiacchio1996,
	author = {Chiacchio, P. and Chiaverini, S. and Siciliano, B.},
	title = {Direct and Inverse Kinematics for Coordinated Motion Tasks of a Two-Manipulator System},
	journal = {J. Dynamic Syst. Meas. Control},
	volume = {118},
	number = {4},
	pages = {691-697},
	year = {1996},
	COMMENTmonth = {12},
	doi = {10.1115/1.2802344},
	COMMENTCOMMENTurl = {https://doi.org/10.1115/1.2802344},
}

@Inbook{Wimbock2012,
	author="Wimb{\"o}ck, Thomas
	and Ott, Christian",
	editor="Prassler, Erwin
	and Z{\"o}llner, Marius
	and Bischoff, Rainer
	and Burgard, Wolfram
	and Haschke, Robert
	and H{\"a}gele, Martin
	and Lawitzky, Gisbert
	and Nebel, Bernhard
	and Pl{\"o}ger, Paul
	and Reiser, Ulrich",
	title="Dual-Arm Manipulation",
	bookTitle="Towards Service Robots for Everyday Environments: Recent Advances in Designing Service Robots for Complex Tasks in Everyday Environments",
	year="2012",
	publisher="Springer Berlin Heidelberg",
	address="Berlin, Heidelberg",
	pages="353--366",
}

@INPROCEEDINGS{Bjerkeng2014,
	author={Bjerkeng, Magnus and Schrimpf, Johannes and Myhre, Torstein and Pettersen, Kristin Y.},
	booktitle={{IEEE/RSJ} Int. Conf. Intell. Robots Syst.}, 
	title={Fast dual-arm manipulation using variable admittance control: Implementation and experimental results}, 
	year={2014},
	volume={},
	number={},
	pages={4728-4734},
	doi={10.1109/IROS.2014.6943235}}


%%%%% coop task space
@article{JAMISOLA2015,
	title = {A more compact expression of relative Jacobian based on individual manipulator Jacobians},
	journal = {Robot. and Auton. Syst.},
	volume = {63},
	pages = {158-164},
	year = {2015},
	issn = {0921-8890},
	doi = {https://doi.org/10.1016/j.robot.2014.08.011},
	COMMENTurl = {https://www.sciencedirect.com/science/article/pii/S0921889014001699},
	author = {Rodrigo S. Jamisola and Rodney G. Roberts},
	keywords = {Kinematics, Dual-arms, Combined manipulators, Relative Jacobian, Wrench transformation matrix},
}

@INPROCEEDINGS{Adorno2010,
	author={Adorno, Bruno Vilhena and Fraisse, Philippe and Druon, Sébastien},
	booktitle={{IEEE/RSJ} Int. Conf. Intell. Robots Syst.}, 
	title={Dual position control strategies using the cooperative dual task-space framework}, 
	year={2010},
	volume={},
	number={},
	pages={3955-3960},
	doi={10.1109/IROS.2010.5650218}
}

@INPROCEEDINGS{Park2015,  
	author={Park, H. Andy and Lee, C. S. George}, 
	booktitle={{IEEE} Int. Conf. Robot. Autom.},   
	title={Extended Cooperative Task Space for manipulation tasks of humanoid robots},   
	year={2015}, 
	volume={}, 
	number={},  
	pages={6088-6093},  
	doi={10.1109/ICRA.2015.7140053}
}

@article{CACCAVALE2000,
	title = {Task-space regulation of cooperative manipulators},
	journal = {Automatica},
	volume = {36},
	number = {6},
	pages = {879-887},
	year = {2000},
	issn = {0005-1098},
	doi = {https://doi.org/10.1016/S0005-1098(99)00215-0},
	COMMENTurl = {https://www.sciencedirect.com/science/article/pii/S0005109899002150},
	author = {F. Caccavale and P. Chiacchio and S. Chiaverini},
	keywords = {Manipulators, Robot control, Regulation, Equilibrium, Stability},
}

%%%% virtual kinematic chain
@article{Likar2014, 
	title={Virtual mechanism approach for dual-arm manipulation}, 
	volume={32}, 
	DOI={10.1017/S0263574713000763}, 
	number={6}, 
	journal={Robotica}, 
	publisher={Cambridge University Press}, 
	author={Likar, Nejc and Nemec, Bojan and \u{Z}lajpah, Leon},
	year={2014}, 
	pages={E3}
}

@article{Wang2016,
	author = {Wang, Yuquan and Smith, Christian and Karayiannidis, Yiannis and \"{O}gren, Petter},
	title = {Whole Body Control of a Dual-Arm Mobile Robot Using a Virtual Kinematic Chain},
	journal = {Int. J. Humanoid Robot.},
	volume = {13},
	number = {01},
	pages = {1550047},
	year = {2016},
	doi = {10.1142/S0219843615500474},
	COMMENTCOMMENTurl = { https://doi.org/10.1142/S0219843615500474},
}

%%% task pri
@article{ORTENZI2018,
	title = {Dual-arm cooperative manipulation under joint limit constraints},
	journal = {Robot. and Auton. Syst.},
	volume = {99},
	pages = {110-120},
	year = {2018},
	issn = {0921-8890},
	doi = {https://doi.org/10.1016/j.robot.2017.10.005},
	COMMENTurl = {https://www.sciencedirect.com/science/article/pii/S0921889017300672},
	author = {Davide Ortenzi and Rajkumar Muthusamy and Alessandro Freddi and Andrea Monteriù and Ville Kyrki},
	keywords = {Cooperative manipulators, Dual-arm manipulation, Relative Jacobian, Joint limit avoidance, Redundancy resolution},
}

@INPROCEEDINGS{Faroni2016,
	author={Faroni, Marco and Beschi, Manuel and Visioli, Antonio and Molinari Tosatti, Lorenzo},
	booktitle={Int. Conf. Emerg. Technol. Factory Automat.}, 
	title={A global approach to manipulability optimisation for a dual-arm manipulator}, 
	year={2016},
	volume={},
	number={},
	pages={1-6},
	doi={10.1109/ETFA.2016.7733725}
}

%%%%% Bimanual application more recent
@INPROCEEDINGS{Shahbazi2017,
	author={Shahbazi, Mohammad and Lee, Jinoh and Caldwell, Darwin and Tsagarakis, Nikolaos},
	booktitle={{IEEE/RSJ} Int. Conf. Intell. Robots Syst.},
	title={Inverse dynamics control of bimanual object manipulation using orthogonal decomposition: An analytic approach}, 
	year={2017},
	volume={},
	number={},
	pages={4791-4796},
	doi={10.1109/IROS.2017.8206354}}

@INPROCEEDINGS{Laghi2018,
	author={Laghi, Marco and Maimeri, Michele and Marchand, Mathieu and Leparoux, Clara and Catalano, Manuel and Ajoudani, Arash and Bicchi, Antonio},
	booktitle={{IEEE-RAS} Int. Conf. Humanoid Robots}, 
	title={Shared-Autonomy Control for Intuitive Bimanual Tele-Manipulation}, 
	year={2018},
	volume={},
	number={},
	pages={1-9},
	doi={10.1109/HUMANOIDS.2018.8625047}}



@article{Rakita2019,
	author = {Daniel Rakita  and Bilge Mutlu  and Michael Gleicher  and Laura M. Hiatt },
	title = {Shared control-based bimanual robot manipulation},
	journal = {Science Robotics},
	volume = {4},
	number = {30},
	pages = {},
	year = {2019},
	doi = {10.1126/scirobotics.aaw0955},
	COMMENTurl = {https://www.science.org/doi/abs/10.1126/scirobotics.aaw0955},
	eprint = {https://www.science.org/doi/pdf/10.1126/scirobotics.aaw0955},
}


@INPROCEEDINGS{Benali2018,
	author={Benali, Khairidine and Brethé, Jean-François and Guérin, François and Gorka, Marc},
	booktitle={{IEEE} Int. Conf. Ind. Technol.}, 
	title={Dual arm robot manipulator for grasping boxes of different dimensions in a logistics warehouse}, 
	year={2018},
	volume={},
	number={},
	pages={147-152},
	doi={10.1109/ICIT.2018.8352167}}

@INPROCEEDINGS{Tarbouriech2019,
	author={Tarbouriech, Sonny and Navarro, Benjamin and Fraisse, Philippe and Crosnier, Andr{\'{e}} and Cherubini, Andrea and Sall{\'{e}}, Damien},
	booktitle={Int. Conf. Adv. Robot.}, 
	title={Admittance control for collaborative dual-arm manipulation}, 
	year={2019},
	volume={},
	number={},
	pages={198-204},
	doi={10.1109/ICAR46387.2019.8981624}
}

%%%%%%%%%%%%%%%% inertia estimation
@inproceedings{Jiajun2015,
	author = {Wu, Jiajun and Yildirim, Ilker and Lim, Joseph J and Freeman, Bill and Tenenbaum, Josh},
	booktitle = {Advances Neural Inf. Process. Syst.},
	COMMENTeditor = {C. Cortes and N. Lawrence and D. Lee and M. Sugiyama and R. Garnett},
	pages = {},
	COMMENTpublisher = {Curran Associates, Inc.},
	title = {Galileo: Perceiving Physical Object Properties by Integrating a Physics Engine with Deep Learning},
	COMMENTurl = {https://proceedings.neurips.cc/paper/2015/file/d09bf41544a3365a46c9077ebb5e35c3-Paper.pdf},
	volume = {28},
	year = {2015}
}

@InProceedings{Krotkov1997,
	author={Krotkov, Eric and Klatzky, Roberta and Zumel, Nina},
	editor={Khatib, Oussama
	and Salisbury, J. Kenneth},
	title={Robotic perception of material: Experiments with shape-invariant acoustic measures of material type},
	booktitle={Experimental Robotics IV},
	year={1997},
	publisher={Springer Berlin Heidelberg},
	address={Berlin, Heidelberg},
	pages={204--211},
}

@INPROCEEDINGS{Yong1999,  
	author={Yong Yu and Fukuda, K. and Tsujio, S.}, 
	booktitle={{IEEE} Int. Conf. Robot. Autom.},   
	title={Estimation of mass and center of mass of graspless and shape-unknown object},   
	year={1999},  
	volume={4},  
	number={}, 
	pages={2893-2898 vol.4},  
	doi={10.1109/ROBOT.1999.774036}
}



%%%%%% Multiple robot transporatation
@ARTICLE{Roger2021,
	author={Pi, Roger and Cieślak, Patryk and Ridao, Pere and Sanz, Pedro J.},
	journal={{IEEE} Access}, 
	title={TWINBOT: Autonomous Underwater Cooperative Transportation}, 
	year={2021},
	volume={9},
	number={},
	pages={37668-37684},
	doi={10.1109/ACCESS.2021.3063669}
}

@INPROCEEDINGS{Marino2017,
	author={Marino, Alessandro and Muscio, Giuseppe and Pierri, Francesco},
	booktitle={{IEEE} Int. Conf. Robot. Autom.}, 
	title={Distributed cooperative object parameter estimation and manipulation without explicit communication}, 
	year={2017},
	volume={},
	number={},
	pages={2110-21116},
	doi={10.1109/ICRA.2017.7989243}}

%%%%%%%%%%%%%%%%% Slip and friction law explotiation
@ARTICLE{Francomano2013,  
	author={Francomano, Maria Teresa and Accoto, Dino and Guglielmelli, Eugenio},  
	journal={{IEEE} Sensors J.},   
	title={Artificial Sense of Slip—A Review},   
	year={2013},  
	volume={13},  
	number={7},  
	pages={2489-2498},  
	doi={10.1109/JSEN.2013.2252890}
}

@Article{Morita2018,
	AUTHOR = {Morita, Nobutomo and Nogami, Hirofumi and Higurashi, Eiji and Sawada, Renshi},
	TITLE = {Grasping Force Control for a Robotic Hand by Slip Detection Using Developed Micro Laser Doppler Velocimeter},
	JOURNAL = {Sensors},
	VOLUME = {18},
	YEAR = {2018},
	NUMBER = {2},
	ARTICLE-NUMBER = {326},
	COMMENTurl = {https://www.mdpi.com/1424-8220/18/2/326},
	ISSN = {1424-8220},
	DOI = {10.3390/s18020326}
}

@ARTICLE{Centauro,
	author={Klamt, Tobias and others},
	journal={{IEEE} Robot. Autom. Mag.},
	title={Flexible Disaster Response of Tomorrow: Final Presentation and Evaluation of the CENTAURO System},
	year={2019},
	volume={26},
	number={4},
	pages={59-72},  
	doi={10.1109/MRA.2019.2941248}
}

@ARTICLE{Centauro2,
	author={Kashiri, Navvab and others},
	journal={{IEEE} Robot. Autom. Lett.}, 
	title={{CENTAURO}: A Hybrid Locomotion and High Power Resilient Manipulation Platform}, 
	year={2019},
	volume={4},
	number={2},
	pages={1595-1602},
	doi={10.1109/LRA.2019.2896758}
}

@ARTICLE{Armar,
	author={Asfour, Tamim and others},
	journal={{IEEE} Robot. Automat. Mag. }, 
	title={{ARMAR-6}: A High-Performance Humanoid for Human-Robot Collaboration in Real-World Scenarios}, 
	year={2019},
	volume={26},
	number={4},
	pages={108-121},
	doi={10.1109/MRA.2019.2941246}
}

@article{BUHL2019,
	title = {A Dual-arm Collaborative Robot System for the Smart Factories of the Future},
	journal = {Procedia Manufacturing},
	volume = {38},
	pages = {333-340},
	year = {2019},
	issn = {2351-9789},
	doi = {https://doi.org/10.1016/j.promfg.2020.01.043},
	COMMENTurl = {https://www.sciencedirect.com/science/article/pii/S2351978920300445},
	author = {Jens F. Buhl and others},
	keywords = {Collaborative robots, Dual-arm robot, Smart manufacturing, Disasembly robot, Industry 4.0},
}

@ARTICLE{XBot,
	authorCOMMENT={L. {Muratore} and others},
	author={Muratore, Luca and Laurenzi, Arturo and Mingo Hoffman, Enrico and Tsagarakis, Nikos},
	journal={{IEEE} Robot. Autom. Mag.}, 
	title={The {XBot} Real-Time Software Framework for Robotics: From the Developer to the User Perspective}, 
	year={2020},
	volume={27},
	number={3},
	pages={133-143},
	doi={10.1109/MRA.2020.2979954}
}
@article{XBot2,
	title = {The XBot2 real-time middleware for robotics},
	journal = {Robot. Auton. Syst.},
	volume = {163},
	pages = {104379},
	year = {2023},
	issn = {0921-8890},
	doi = {https://doi.org/10.1016/j.robot.2023.104379},
	urlCOMMENT = {https://www.sciencedirect.com/science/article/pii/S0921889023000180},
	author = {Arturo Laurenzi and Davide Antonucci and Nikos Tsagarakis and Luca Muratore},
}

@inproceedings{cartesio,
	authorCOMMENT={A. {Laurenzi} and others},
	author = {Laurenzi, Arturo and Hoffman, Enrico Mingo and Muratore, Luca and Tsagarakis, Nikos},
	booktitle={{IEEE} Int. Conf. Robot. Autom.},
	title={{CartesI/O: A ROS Based Real-Time Capable Cartesian Control Framework}},
	year={2019},
	pages={591-596},
	doi={10.1109/ICRA.2019.8794464},
	ISSN={1050-4729},
}

@article{Chiu1988,
	author = {Stephen L. Chiu},
	title ={Task Compatibility of Manipulator Postures},
	journal = {Int. J. Robot. Res.},
	volume = {7},
	number = {5},
	pages = {13-21},
	year = {1988},
	doi = {10.1177/027836498800700502},
	COMMENTCOMMENTurl = { 
	https://doi.org/10.1177/027836498800700502
	},
}

@inproceedings{Maolin2022,
	author = {Lei, Maolin and Selvaggio, Mario and Wang, Ting and Ruggiero, Fabio and Zhou, Cheng and Yao, Chen and Zheng, Yu},
	year = {2022},
	COMMENTmonth = {07},
	volume = {},
	number = {},
	pages = {},
	booktitle={{IEEE} Int. Conf. Autom. Sci. Eng.},
	title = {Dual-arm Object Transportation via Model Predictive Control and External Disturbance Estimation}
}


%%%%%%%%%%%%%%%%%%%%%%%%%%%%%%%%%%%55
%%%%% Humanoids 23 Laser assistive stuff HARIA
%%%%%%%%%%%%%%%%%%%%%%%%%%%%%%%%%%%%%%%%%%%%%%%
@inproceedings{Petrich2022,
	title        = {A Quantitative Analysis of Activities of Daily Living: Insights into Improving Functional Independence with Assistive Robotics},
	author       = {Petrich, Laura and Jin, Jun and Dehghan, Masood and Jagersand, Martin},
	year         = 2022,
	booktitle    = {{IEEE} Int. Conf. Robot. Autom.},
	volume       = {},
	number       = {},
	pages        = {6999--7006},
	doi          = {10.1109/ICRA46639.2022.9811960}
}
@article{Bardaro2022,
	title        = {Robots for Elderly Care in the Home: A Landscape Analysis and Co-Design Toolkit},
	author       = {Bardaro, Gianluca and Antonini, Alessio and Motta, Enrico},
	year         = 2022,
	month        = {Apr},
	day          = {01},
	journal      = {Int. J. Social Robot.},
	volume       = 14,
	number       = 3,
	pages        = {657--681},
	doi          = {10.1007/s12369-021-00816-3},
	issn         = {1875-4805},
	commentcommenturl = {https://doi.org/10.1007/s12369-021-00816-3}
}
@book{Colombo2018,
	title        = {Rehabilitation Robotics: Technology and Application},
	author       = {Roberto Colombo, Vittorio Sanguineti},
	year         = 2018,
	publisher    = {Elsevier},
	doi          = {10.1016/c2016-0-02285-4},
	commentcommenturl = {https://doi.org/10.1016/c2016-0-02285-4}
}
@inproceedings{Wang2012,
	title        = {The Personal Mobility and Manipulation Appliance (PerMMA): A robotic wheelchair with advanced mobility and manipulation},
	authorComment       = {Wang, Hongwu and Grindle, Garrett G and Candiotti, Jorge and Chung, Chengshiu and Shino, Motoki and Houston, Elaine and Cooper, Rory A},
	author       = {Wang, Hongwu and others},
	year         = 2012,
	booktitle    = {Annu. Int. Conf. {IEEE} Eng. Medicine Biol. Soc.},
	volume       = {},
	number       = {},
	pages        = {3324--3327},
	doi          = {10.1109/EMBC.2012.6346676}
}
@inproceedings{Poirier2019,
	title        = {Voice Control Interface Prototype for Assistive Robots for People Living with Upper Limb Disabilities},
	author       = {Poirier, Samuel and Routhier, François and Campeau-Lecours, Alexandre},
	year         = 2019,
	booktitle    = {{IEEE} Int. Conf. Rehabil. Robot.},
	volume       = {},
	number       = {},
	pages        = {46--52},
	doi          = {10.1109/ICORR.2019.8779524}
}
@article{Jain2019,
	title        = {Probabilistic Human Intent Recognition for Shared Autonomy in Assistive Robotics},
	author       = {Jain, Siddarth and Argall, Brenna},
	year         = 2019,
	month        = {dec},
	journal      = {J. Human Robot Interact.},
	publisher    = {Association for Computing Machinery},
	address      = {New York, NY, USA},
	volume       = 9,
	number       = 1,
	doi          = {10.1145/3359614},
	commentcommenturl = {https://doi.org/10.1145/3359614},
	articleno    = 2,
	numpages     = 23
}
@article{Mohammadi2021,
	title        = {Continuous Tongue Robot Mapping for Paralyzed Individuals Improves the Functional Performance of Tongue-Based Robotic Assistance},
	author       = {Mohammadi, Mostafa and Knoche, Hendrik and Struijk, Lotte N. S. Andreasen},
	year         = 2021,
	journal      = {{IEEE} Trans. on Biomed. Eng.},
	volume       = 68,
	number       = 8,
	pages        = {2552--2562},
	doi          = {10.1109/TBME.2021.3055250}
}
@article{Bengtson2020,
	title        = {A review of computer vision for semi-autonomous control of assistive robotic manipulators (ARMs)},
	author       = {Stefan Hein Bengtson and Thomas Bak and Lotte N. S. Andreasen Struijk and Thomas Baltzer Moeslund},
	year         = 2020,
	journal      = {Disability Rehabil. Assistive Technol.},
	publisher    = {Taylor & Francis},
	volume       = 15,
	number       = 7,
	pages        = {731--745},
	doi          = {10.1080/17483107.2019.1615998},
	commentcommenturl = {https://doi.org/10.1080/17483107.2019.1615998},
	eprint       = {https://doi.org/10.1080/17483107.2019.1615998}
}
@article{Chung2013,
	title        = {Functional assessment and performance evaluation for assistive robotic manipulators: Literature review},
	author       = {Cheng-Shiu Chung and Hongwu Wang and Rory A. Cooper},
	year         = 2013,
	journal      = {J. Spinal Cord Medicine},
	publisher    = {Taylor & Francis},
	volume       = 36,
	number       = 4,
	pages        = {273--289},
	doi          = {10.1179/2045772313Y.0000000132},
	commentcommenturl = {https://doi.org/10.1179/2045772313Y.0000000132},
	eprint       = {https://doi.org/10.1179/2045772313Y.0000000132}
}
@article{Kim2012,
	title        = {How Autonomy Impacts Performance and Satisfaction: Results From a Study With Spinal Cord Injured Subjects Using an Assistive Robot},
	authorComment       = {Kim, Dae-Jin and Hazlett-Knudsen, Rebekah and Culver-Godfrey, Heather and Rucks, Greta and Cunningham, Tara and Portee, David and Bricout, John and Wang, Zhao and Behal, Aman},
	author       = {Kim, Dae-Jin and others},
	year         = 2012,
	journal      = {{IEEE} Trans. Syst. Man Cybern. Part A: Syst. Humans},
	volume       = 42,
	number       = 1,
	pages        = {2--14},
	doi          = {10.1109/TSMCA.2011.2159589}
}
@inproceedings{Bustamante2022,
	title        = {CATs: Task Planning for Shared Control of Assistive Robots with Variable Autonomy},
	author       = {Bustamante, Samuel and Quere, Gabriel and Leidner, Daniel and Vogel, Jörn and Stulp, Freek},
	year         = 2022,
	booktitle    = {IEEE Int. Conf. Robot. Autom.},
	volume       = {},
	number       = {},
	pages        = {3775--3782},
	doi          = {10.1109/ICRA46639.2022.9811360}
}
@article{Kyrarini2021,
	title        = {A Survey of Robots in Healthcare},
	authorComment       = {Kyrarini, Maria and Lygerakis, Fotios and Rajavenkatanarayanan, Akilesh and Sevastopoulos, Christos and Nambiappan, Harish Ram and Chaitanya, Kodur Krishna and Babu, Ashwin Ramesh and Mathew, Joanne and Makedon, Fillia},
	author       = {Kyrarini, Maria and others},
	year         = 2021,
	journal      = {Technologies},
	volume       = 9,
	number       = 1,
	doi          = {10.3390/technologies9010008},
	issn         = {2227-7080},
	commenturl   = {https://www.mdpi.com/2227-7080/9/1/8},
	article-number = 8
}
@article{Graser2013,
	title        = {A Supportive FRIEND at Work: Robotic Workplace Assistance for the Disabled},
	authorComment       = {Graser, Axel and Heyer, Torsten and Fotoohi, Leila and Lange, Uwe and Kampe, Henning and Enjarini, Bashar and Heyer, Stefan and Fragkopoulos, Christos and Ristic-Durrant, Danijela},
	author       = {Graser, Axel and others},
	year         = 2013,
	journal      = {{IEEE} Robot. Autom. Mag.},
	volume       = 20,
	number       = 4,
	pages        = {148--159},
	doi          = {10.1109/MRA.2013.2275695}
}
@inproceedings{Vogel2020,
	title        = {EDAN: An EMG-controlled Daily Assistant to Help People With Physical Disabilities},
	authorComment       = {Vogel, J{\"o}rn and Hagengruber, Annette and Iskandar, Maged and Quere, Gabriel and Leipscher, Ulrike and Bustamante, Samuel and Dietrich, Alexander and Höppner, Hannes and Leidner, Daniel and Albu-Schäffer, Alin},
	author      = {Vogel, J{\"o}rn and others},
	year         = 2020,
	booktitle    = {{IEEE/RSJ} Int. Conf. Intell. Robots Syst.},
	volume       = {},
	number       = {},
	pages        = {4183--4190},
	doi          = {10.1109/IROS45743.2020.9341156}
}
@inproceedings{Gordon2020,
	title        = {Adaptive Robot-Assisted Feeding: An Online Learning Framework for Acquiring Previously Unseen Food Items},
	author       = {Gordon, Ethan K. and Meng, Xiang and Bhattacharjee, Tapomayukh and Barnes, Matt and Srinivasa, Siddhartha S.},
	year         = 2020,
	booktitle    = {{IEEE/RSJ} Int. Conf. Intell. Robots Syst.},
	volume       = {},
	number       = {},
	pages        = {9659--9666},
	doi          = {10.1109/IROS45743.2020.9341359}
}
@inproceedings{Bhattacharjee2020,
	title        = {Is More Autonomy Always Better? Exploring Preferences of Users with Mobility Impairments in Robot-assisted Feeding},
	authorComment       = {Bhattacharjee, Tapomayukh and Gordon, Ethan K. and Scalise, Rosario and Cabrera, Maria E. and Caspi, Anat and Cakmak, Maya and Srinivasa, Siddhartha S.},
	author       = {Bhattacharjee, Tapomayukh and others},
	year         = 2020,
	booktitle    = {ACM/IEEE Int. Conf. Human-Robot Interaction},
	volume       = {},
	number       = {},
	pages        = {181--190},
	doi          = {}
}
@inproceedings{Goldau2019,
	title        = {Autonomous Multi-Sensory Robotic Assistant for a Drinking Task},
	author       = {Goldau, Felix Ferdinand and Shastha, Tejas Kumar and Kyrarini, Maria and Gräser, Axel},
	year         = 2019,
	booktitle    = {IEEE Int. Conf. Rehab. Robot.},
	volume       = {},
	number       = {},
	pages        = {210--216},
	doi          = {10.1109/ICORR.2019.8779521}
}
@article{Zhang2019,
	title        = {Probabilistic Real-Time User Posture Tracking for Personalized Robot-Assisted Dressing},
	author       = {Zhang, Fan and Cully, Antoine and Demiris, Yiannis},
	year         = 2019,
	journal      = {IEEE Trans. Robot.},
	volume       = 35,
	number       = 4,
	pages        = {873--888},
	doi          = {10.1109/TRO.2019.2904461}
}
@article{Jevtic2019,
	title        = {Personalized Robot Assistant for Support in Dressing},
	authorComment       = {Jevtić, Aleksandar and Flores Valle, Andrés and Alenyà, Guillem and Chance, Greg and Caleb-Solly, Praminda and Dogramadzi, Sanja and Torras, Carme},
	author       = {Jevtić, Aleksandar and others},
	year         = 2019,
	journal      = {IEEE Trans. Cogn. Develop. Syst.},
	volume       = 11,
	number       = 3,
	pages        = {363--374},
	doi          = {10.1109/TCDS.2018.2817283}
}
@inproceedings{Oladayo2019,
	title        = {Towards Development of an Autonomous Robotic System for Beard Shaving Assistance for Disabled People},
	author       = {Oladayo, Ajani S. and Samy Assal, F. M. and El-Hussieny, Haitham},
	year         = 2019,
	booktitle    = {IEEE Int. Conf. Syst. Man Cybern.},
	volume       = {},
	number       = {},
	pages        = {3435--3440},
	doi          = {10.1109/SMC.2019.8914408}
}
@inproceedings{Hughes2021,
	title        = {Detangling hair using feedback-driven robotic brushing},
	author       = {Hughes, Josie and Plumb-Reyes, Thomas and Charles, Nicholas and Mahadevan, L. and Rus, Daniela},
	year         = 2021,
	booktitle    = {IEEE Int. Conf. Soft Robot.},
	volume       = {},
	number       = {},
	pages        = {487--494},
	doi          = {10.1109/RoboSoft51838.2021.9479221}
}
@article{Bilyea2023,
	title        = {Modeling contact forces during human-robot interactions for performing activities of daily living},
	author       = {Aubrianna JN Bilyea and Steven H French and Hussein A Abdullah},
	year         = 2023,
	month        = jun,
	journal      = {Proc. Institution Mech. Engineers, Part H: J. Engineering Medicine},
	publisher    = {{SAGE} Publications},
	pages        = {095441192311795},
	doi          = {10.1177/09544119231179568},
	commenturl   = {https://doi.org/10.1177/09544119231179568}
}
@inproceedings{Kyrarini2019,
	title        = {Robot Learning of Assistive Manipulation Tasks by Demonstration via Head Gesture-based Interface},
	author       = {Kyrarini, Maria and Zheng, Quan and Haseeb, Muhammad Abdul and Gräser, Axel},
	year         = 2019,
	booktitle    = {IEEE Int. Conf. Rehabil. Robot.},
	volume       = {},
	number       = {},
	pages        = {1139--1146},
	doi          = {10.1109/ICORR.2019.8779379}
}
@article{Rudigkeit2020,
	title        = {AMiCUS 2.0—System Presentation and Demonstration of Adaptability to Personal Needs by the Example of an Individual with Progressed Multiple Sclerosis},
	author       = {Rudigkeit, Nina and Gebhard, Marion},
	year         = 2020,
	journal      = {Sensors},
	volume       = 20,
	number       = 4,
	doi          = {10.3390/s20041194},
	issn         = {1424-8220},
	commenturl   = {https://www.mdpi.com/1424-8220/20/4/1194},
	article-number = 1194,
	pubmedid     = 32098240
}
@article{Sunny2021,
	title        = {Eye-gaze control of a wheelchair mounted 6DOF assistive robot for activities of daily living},
	authorComment       = {Md Samiul Haque Sunny and Md Ishrak Islam Zarif and Ivan Rulik and Javier Sanjuan and Mohammad Habibur Rahman and Sheikh Iqbal Ahamed and Inga Wang and Katie Schultz and Brahim Brahmi},
	author       = {Md Samiul Haque Sunny and others},
	year         = 2021,
	month        = dec,
	journal      = {J. of {NeuroEngineering} Rehabil.},
	publisher    = {Springer Science and Business Media {LLC}},
	volume       = 18,
	number       = 1,
	commentdoi          = {10.1186/s12984-021-00969-2},
	commenturl          = {https://doi.org/10.1186/s12984-021-00969-2}
}
@inproceedings{Sharma2022,
	title        = {Enabling Learning Through Play: Inclusive Gaze-Controlled Human-Robot Interface for Joystick-Based Toys},
	author       = {Sharma, Vinay Krishna and Murthy, L. R. D. and Biswas, Pradipta},
	year         = 2022,
	booktitle    = {Social Robotics},
	publisher    = {Springer Nature Switzerland},
	address      = {Cham},
	pages        = {452--461},
	isbn         = {978-3-031-24670-8},
	editorCOMMENT       = {Cavallo, Filippo and Cabibihan, John-John and Fiorini, Laura and Sorrentino, Alessandra and He, Hongsheng and Liu, Xiaorui and Matsumoto, Yoshio and Ge, Shuzhi Sam}
}
@book{Gandhi2015,
	title        = {Brain-Computer Interfacing for Assistive Robotics},
	author       = {Gandhi, Vaibhav},
	year         = 2015,
	publisher    = {Elsevier},
	doi          = {10.1016/c2013-0-23408-5},
	commenturl   = {https://doi.org/10.1016/c2013-0-23408-5}
}
@article{Esposito2021,
	title        = {Biosignal-Based Human–Machine Interfaces for Assistance and Rehabilitation: A Survey},
	authorComment       = {Esposito, Daniele and Centracchio, Jessica and Andreozzi, Emilio and Gargiulo, Gaetano D. and Naik, Ganesh R. and Bifulco, Paolo},
	author       = {Esposito, Daniele and others},
	year         = 2021,
	journal      = {Sensors},
	volume       = 21,
	number       = 20,
	doi          = {10.3390/s21206863},
	issn         = {1424-8220},
	commenturl   = {https://www.mdpi.com/1424-8220/21/20/6863},
	article-number = 6863,
	pubmedid     = 34696076
}
@article{PICHLER2017,
	title        = {Towards Shared Autonomy for Robotic Tasks in Manufacturing},
	authorComment       = {Andreas Pichler and Sharath Chandra Akkaladevi and Markus Ikeda and Michael Hofmann and Matthias Plasch and Christian Wögerer and Gerald Fritz},
	author      = {Andreas Pichler and others},
	year         = 2017,
	journal      = {Procedia Manufacturing},
	volume       = 11,
	pages        = {72--82},
	doi          = {https://doi.org/10.1016/j.promfg.2017.07.139},
	issn         = {2351-9789},
	commenturl   = {https://www.sciencedirect.com/science/article/pii/S2351978917303438}
}
@misc{HARIA,
	title        = {HUMAN-ROBOT SENSORIMOTOR AUGMENTATION - WEARABLE SENSORIMOTOR INTERFACES AND SUPERNUMERARY ROBOTIC LIMBS FOR HUMANS WITH UPPER-LIMB DISABILITIES ({HARIA}) EU H2020 Project},
	author       = {},
	year         = {},
	url          = {https://clem.diism.unisi.it/~haria/},
	note         =  {\url{https://doi.org/10.3030/101070292}}
}


%%%% ICRA24 telephyshapt 


%%% SURVEYS
@article{MONIRUZZAMAN2022,
	title = {Teleoperation methods and enhancement techniques for mobile robots: A comprehensive survey},
	journal = {Robot. Auton. Syst.},
	volume = {150},
	pages = {103973},
	year = {2022},
	issn = {0921-8890},
	COMMENTdoi = {https://doi.org/10.1016/j.robot.2021.103973},
	url = {https://doi.org/10.1016/j.robot.2021.103973},
	author = {{MD} Moniruzzaman and Alexander Rassau and Douglas Chai and Syed Mohammed Shamsul Islam},
}

@article{Dargahi2004,
	author = {Dargahi, J and Najarian, S},
	title = {Human tactile perception as a standard for artificial tactile sensing—a review},
	journal = {Int. J. Med. Robot. Comput. Assisted Surgery},
	volume = {1},
	number = {1},
	pages = {23-35},
	doiCOMMENT = {https://doi.org/10.1002/rcs.3},
	url = {https://doi.org/10.1002/rcs.3},
	year = {2004}
}

@INPROCEEDINGS{Zhao2023,
	author={Zhao, Lin and Nybacka, Mikael and Rothh{\"{a}}mel, Malte},
	booktitle={IEEE Intell. Vehicles Symp.}, 
	title={A Survey of Teleoperation: Driving Feedback}, 
	year={2023},
	volume={},
	number={},
	pages={1-8},
	doi={10.1109/IV55152.2023.10186553},
	url = {https://doi.org/10.1109/IV55152.2023.10186553},
}

@article{Casadio2012,
	doi = {10.1080/00222895.2012.700968},
	url = {https://doi.org/10.1080/00222895.2012.700968},
	year = {2012},
	publisherCOMMENT = {Informa {UK} Limited},
	volume = {44},
	number = {6},
	pages = {419--433},
	author = {Maura Casadio and Rajiv Ranganathan and Ferdinando A. Mussa-Ivaldi},
	title = {The Body-Machine Interface: A New Perspective on an Old Theme},
	journal = {J. Motor Behavior}
}


@Article{Youssef2023,
	AUTHOR = {Youssef, Karim and Said, Sherif and Al Kork, Samer and Beyrouthy, Taha},
	TITLE = {Telepresence in the Recent Literature with a Focus on Robotic Platforms, Applications and Challenges},
	JOURNAL = {Robotics},
	VOLUME = {12},
	YEAR = {2023},
	NUMBER = {4},
	ARTICLE-NUMBER = {111},
	URL = {https://www.mdpi.com/2218-6581/12/4/111},
	ISSN = {2218-6581},
	DOI = {10.3390/robotics12040111},
	url={https://doi.org/10.3390/robotics12040111}
}

@ARTICLE{Gaofeng2023,
	author={Li, Gaofeng and Li, Qiang and Yang, Chenguang and Su, Yuan and Yuan, Zuqiang and Wu, Xinyu},
	journal={IEEE Trans. Haptics}, 
	title={The Classification and New Trends of Shared Control Strategies in Telerobotic Systems: A Survey}, 
	year={2023},
	volume={16},
	number={2},
	pages={118-133},
	doi={10.1109/TOH.2023.3253856},
	url={https://doi.org/10.1109/TOH.2023.3253856}
}


%%%%%

@INPROCEEDINGS{Vogel2011,
	author={Vogel, Jörn and Castellini, Claudio and van der Smagt, Patrick},
	booktitle = {{IEEE/RSJ} Int. Conf. Intell. Robots Syst.},
	title={EMG-based teleoperation and manipulation with the DLR LWR-III}, 
	year={2011},
	volume={},
	number={},
	pages={672-678},
	doi={10.1109/IROS.2011.6094739}}

@Article{Gasper2021,
	AUTHOR = {{\v{S}}kulj, Ga{\v{s}}per and Vrabi{\v{c}}, Rok and Podr{\v{z}}aj, Primo{\v{z}}},
	TITLE = {A Wearable {IMU} System for Flexible Teleoperation of a Collaborative Industrial Robot},
	JOURNAL = {Sensors},
	VOLUME = {21},
	YEAR = {2021},
	NUMBER = {17},
	ARTICLE-NUMBER = {5871},
	url = {https://doi.org/10.3390/s21175871},
	ISSN = {1424-8220},
	DOI = {10.3390/s21175871}
}

@INPROCEEDINGS{nunez2018,
	author={{M. N{\'{u}}{\~{n}}ez L.} and Dajles, D. and Siles, F.},
	booktitle={IEEE Int. Work Conf. Bioinspired Intell.}, 
	title={Teleoperation of a Humanoid Robot Using an Optical Motion Capture System}, 
	year={2018},
	volume={},
	number={},
	pages={1-8},
	doi={10.1109/IWOBI.2018.8464136},
	url={https://doi.org/10.1109/IWOBI.2018.8464136}
}


@INPROCEEDINGS{Stramigioli2010,
	author={Stramigioli, Stefano and Mahony, Robert and Corke, Peter},
	booktitle    = {IEEE Int. Conf. Robot. Autom.},
	title={A novel approach to haptic tele-operation of aerial robot vehicles}, 
	year={2010},
	volume={},
	number={},
	pages={5302-5308},
	doi={10.1109/ROBOT.2010.5509591},
	url={https://doi.org/10.1109/ROBOT.2010.5509591}
}


@article{HASSAN2020,
	title = {Teleoperated robotic arm movement using electromyography signal with wearable Myo armband},
	journal = {J. King Saud Univ. - Eng. Sciences},
	volume = {32},
	number = {6},
	pages = {378-387},
	year = {2020},
	issn = {1018-3639},
	doi = {https://doi.org/10.1016/j.jksues.2019.05.001},
	url = {https://doi.org/10.1016/j.jksues.2019.05.001},
	author = {Hussein F. Hassan and Sadiq J. Abou-Loukh and Ibraheem Kasim Ibraheem}
}

@preprint{baek2022,
	title={A Study of Shared-Control with Force Feedback for Obstacle Avoidance in Whole-body Telelocomotion of a Wheeled Humanoid}, 
	author={DongHoon Baek and Yu Chen and Chang and Joao Ramos},
	year={2022},
	eprint={2209.03994},
	archivePrefix={arXiv},
	primaryClass={cs.RO},
	url={https://doi.org/10.48550/arXiv.2209.03994}
}

@INPROCEEDINGS{Macchini2020,
	author={Macchini, Matteo and Havy, Thomas and Weber, Antoine and Schiano, Fabrizio and Floreano, Dario},
	booktitle    = {IEEE Int. Conf. Robot. Autom.},
	title={Hand-worn Haptic Interface for Drone Teleoperation}, 
	year={2020},
	volume={},
	number={},
	pages={10212-10218},
	doi={10.1109/ICRA40945.2020.9196664},
	url={https://doi.org/10.1109/ICRA40945.2020.9196664}
}

@article{XIA2023,
	title = {Sensory augmentation for subsea robot teleoperation},
	journal = {Computers Industry},
	volume = {145},
	pages = {103836},
	year = {2023},
	issn = {0166-3615},
	doi = {https://doi.org/10.1016/j.compind.2022.103836},
	url = {https://doi.org/10.1016/j.compind.2022.103836},
	author = {Pengxiang Xia and Fang Xu and Zhuoyuan Song and Shuai Li and Jing Du},
	keywords = {Remotely operated vehicles, Subsea operation, Virtual reality, Haptics},
}

@preprint{dafarra2022,
	title={{iCub3} Avatar System}, 
	author={Stefano Dafarra and Kourosh Darvish and Riccardo Grieco and Gianluca Milani and Ugo Pattacini and Lorenzo Rapetti and Giulio Romualdi and Mattia Salvi and Alessandro Scalzo and Ines Sorrentino and Davide Tomè and Silvio Traversaro and Enrico Valli and Paolo Maria Viceconte and Giorgio Metta and Marco Maggiali and Daniele Pucci},
	year={2022},
	eprint={2203.06972},
	archivePrefix={arXiv},
	primaryClass={cs.RO},
	url={https://doi.org/10.48550/arXiv.2203.06972}
}

@INPROCEEDINGS{Schwarz2021,
	author={Schwarz, Max and Lenz, Christian and Rochow, Andre and Schreiber, Michael and Behnke, Sven},
	booktitle    = {{IEEE/RSJ} Int. Conf. Intell. Robots Syst.},
	title={NimbRo Avatar: Interactive Immersive Telepresence with Force-Feedback Telemanipulation}, 
	year={2021},
	volume={},
	number={},
	pages={5312-5319},
	doi={10.1109/IROS51168.2021.9636191},
	url={https://doi.org/10.1109/IROS51168.2021.9636191}
}

@incollection{Brygo2014,
	doi = {10.1007/978-3-662-44196-1_33},
	url = {https://doi.org/10.1007/978-3-662-44196-1_33},
	year = {2014},
	publisherCOMMENT = {Springer Berlin Heidelberg},
	pages = {266--275},
	author = {Anais Brygo and Ioannis Sarakoglou and Nadia Garcia-Hernandez and Nikolaos Tsagarakis},
	title = {Humanoid Robot Teleoperation with Vibrotactile Based Balancing Feedback},
	booktitle = {Haptics: Neuroscience,  Devices,  Modeling,  and Applications}
}

@INPROCEEDINGS{Coppola2022,
	author={Coppola, Claudio and Solak, Gökhan and Jamone, Lorenzo},
	booktitle={IEEE Int. Conf. Robot Human Interactive Commun.}, 
	title={An affordable system for the teleoperation of dexterous robotic hands using Leap Motion hand tracking and vibrotactile feedback}, 
	year={2022},
	volume={},
	number={},
	pages={920-926},
	doi={10.1109/RO-MAN53752.2022.9900583},
	url={https://doi.org/10.1109/RO-MAN53752.2022.9900583}
}

@article{BAI2019,
	author = {Dongming Bai and Feng Ju and Fei Qi and Yanfei Cao and Yaoyao Wang and Bai Chen},
	title ={A wearable vibrotactile system for distributed guidance in teleoperation and virtual environments},
	journal = {Proc. Institution of Mech. Engineers, Part H: J. Eng. Medicine},
	volume = {233},
	number = {2},
	pages = {244-253},
	year = {2019},
	doi = {10.1177/0954411918821387},
	note ={PMID: 30595086},
	URL = {https://doi.org/10.1177/0954411918821387},
}

@INPROCEEDINGS{Cheng2022,
	author={Cheng, Jin and Abi-Farraj, Firas and Farshidian, Farbod and Hutter, Marco},
	booktitle    = {{IEEE/RSJ} Int. Conf. Intell. Robots Syst.},
	title={Haptic Teleoperation of High-dimensional Robotic Systems Using a Feedback MPC Framework}, 
	year={2022},
	volume={},
	number={},
	pages={6197-6204},
	doi={10.1109/IROS47612.2022.9981290}
}

@INPROCEEDINGS{Franco2019,
	author={Franco, Leonardo and Salvietti, Gionata and Prattichizzo, Domenico},
	booktitle={IEEE World Haptics Conf.}, 
	title={Command Acknowledge through Tactile Feedback Improves the Usability of an EMG-based Interface for the Frontalis Muscle}, 
	year={2019},
	volume={},
	number={},
	pages={574-579},
	doi={10.1109/WHC.2019.8816133}
}


@Article{Correa2022,
	AUTHOR = {Correa, Mauricio and Cárdenas, Daniel and Carvajal, Diego and Ruiz-del-Solar, Javier},
	TITLE = {Haptic Teleoperation of Impact Hammers in Underground Mining},
	JOURNAL = {Appl. Sciences},
	VOLUME = {12},
	YEAR = {2022},
	NUMBER = {3},
	ARTICLE-NUMBER = {1428},
	URL = {https://www.mdpi.com/2076-3417/12/3/1428},
	ISSN = {2076-3417},
	DOI = {10.3390/app12031428}
}


@article{pacchierotti2017wearable,
	title={Wearable haptic systems for the fingertip and the hand: taxonomy, review, and perspectives},
	author={Pacchierotti, Claudio and Sinclair, Stephen and Solazzi, Massimiliano and Frisoli, Antonio and Hayward, Vincent and Prattichizzo, Domenico},
	journal={IEEE Trans. Haptics},
	volume={10},
	number={4},
	pages={580-600},
	year={2017},
	publisherComment={IEEE}
}

@article{pacchierotti2015cutaneous,
	title={Cutaneous feedback of fingertip deformation and vibration for palpation in robotic surgery},
	author={Pacchierotti, Claudio and Prattichizzo, Domenico and Kuchenbecker, Katherine J},
	journal={IEEE Trans. Biomed. Eng.},
	volume={63},
	number={2},
	pages={278-287},
	year={2015},
	publisherComment={IEEE}
}

@article{casalino2018operator,
	title={Operator awareness in human-robot collaboration through wearable vibrotactile feedback},
	author={Casalino, Andrea and Messeri, Costanza and Pozzi, Maria and Zanchettin, Andrea Maria and Rocco, Paolo and Prattichizzo, Domenico},
	journal      = {{IEEE} Robot. Autom. Lett.},
	volume={3},
	number={4},
	pages={4289-4296},
	year={2018},
	publisher={IEEE}
}

@article{maderna2022flexible,
	title={Flexible scheduling and tactile communication for human-robot collaboration},
	author={Maderna, Riccardo and Pozzi, Maria and Zanchettin, Andrea Maria and Rocco, Paolo and Prattichizzo, Domenico},
	journal={Robot. Computer-Integr. Manuf.},
	volume={73},
	pages={102233},
	year={2022},
	publisher={Elsevier}
}

@article{lund2001measuring,
	title={Measuring usability with the {USE} questionnaire},
	author={Lund, Arnold M.},
	journal={Usability interface},
	volume={8},
	number={2},
	pages={3-6},
	year={2001}
}

@article{brooke1996sus,
	title={{SUS}: a quick and dirty usability scale},
	author={Brooke, John},
	journal={Usability Eval. Industry},
	volume={189},
	number={3},
	pages={189-194},
	year={1996},
	publisherCOMMENT={Taylor \& Francis}
}

@article{Pacchierotti2015,
	author = {C. Pacchierotti and L. Meli and F. Chinello and M. Malvezzi and D. Prattichizzo},
	title ={Cutaneous haptic feedback to ensure the stability of robotic teleoperation           systems},
	journal = {Int. J. Robot. Res.},
	volume = {34},
	number = {14},
	pages = {1773-1787},
	year = {2015},
	doi = {10.1177/0278364915603135},
	URL = {https://doi.org/10.1177/0278364915603135}
}

@article{prattichizzo2021human,  
	title={Human augmentation by wearable supernumerary robotic limbs: review and perspectives},
	author={Prattichizzo, Domenico and Pozzi, Maria and Baldi, Tommaso Lisini and Malvezzi, Monica and Hussain, Irfan and Rossi, Simone and Salvietti, Gionata},  
	journal={Prog. Biomed. Eng.},  
	volume={3},  
	number={4},  
	pages={042005},  
	year={2021},  
	publisherCOMMENT={IOP Publishing}
}

@inproceedings{pacchio-hring,
	author={Pacchierotti, Claudio and Salvietti, Gionata and Hussain, Irfan and Meli, Leonardo and Prattichizzo, Domenico},
	booktitle={{IEEE} Haptics Symp.}, 
	title={The hRing: A wearable haptic device to avoid occlusions in hand tracking}, 
	year={2016},
	volume={},
	number={},
	pages={134-139},
	doi={10.1109/HAPTICS.2016.7463167}
}

@inproceedings{grier2015high,
	title={How high is high? A meta-analysis of NASA-TLX global workload scores},
	author={Grier, Rebecca A},
	booktitle={Proc. Human Factors Ergonom. Soc. Annu. Meeting},
	volume={59},
	number={1},
	pages={1727--1731},
	year={2015},
	organizationComment={SAGE Publications Sage CA: Los Angeles, CA}
}

@article{prattico2021towards,
	title={Towards the adoption of virtual reality training systems for the self-tuition of industrial robot operators: A case study at KUKA},
	author={Prattic{\`o}, F Gabriele and Lamberti, Fabrizio},
	journal={Computers in Industry},
	volume={129},
	pages={103446},
	year={2021},
	publisher={Elsevier}
}


@incollection{hart1988development,
	title={Development of NASA-TLX (Task Load Index): Results of empirical and theoretical research},
	author={Hart, Sandra G and Staveland, Lowell E},
	booktitle={Advances in psychology},
	volume={52},
	pages={139--183},
	year={1988},
	publisher={Elsevier}
}

@article{Yang2018,
	doi = {10.1007/s10514-018-9753-2},
	url = {https://doi.org/10.1007/s10514-018-9753-2},
	year = {2018},
	month = apr,
	publisher = {Springer Science and Business Media {LLC}},
	volume = {43},
	number = {6},
	pages = {1357--1373},
	author = {Xuning Yang and Ayush Agrawal and Koushil Sreenath and Nathan Michael},
	title = {Online adaptive teleoperation via motion primitives for mobile robots},
	journal = {Autonomous Robots}
}

@INPROCEEDINGS{Abi2016,
	author={Abi-Farraj, Firas and Pedemonte, Nicolò and Robuffo Giordano, Paolo},
	booktitle={2016 IEEE/RSJ International Conference on Intelligent Robots and Systems (IROS)}, 
	title={A visual-based shared control architecture for remote telemanipulation}, 
	year={2016},
	volume={},
	number={},
	pages={4266-4273},
	doi={10.1109/IROS.2016.7759628}
	}
	
@article{Masone2018,
	author = {Carlo Masone and Mostafa Mohammadi and Paolo Robuffo Giordano and Antonio Franchi},
	title ={Shared planning and control for mobile robots with integral haptic feedback},
	journal = {The International Journal of Robotics Research},
	volume = {37},
	number = {11},
	pages = {1395-1420},
	year = {2018},
	doi = {10.1177/0278364918802006},
	
	URL = { 
	https://doi.org/10.1177/0278364918802006
	
	},
	eprint = { 
	https://doi.org/10.1177/0278364918802006
	
	}
}
	
	